@misc{wiki:L-system,
    author       = {Wikipedia},
    title        = {{L-system} --- {W}ikipedia{,} The Free Encyclopedia},
    year         = {2025},
    howpublished = {\url{https://en.wikipedia.org/wiki/L-system}}
}

@misc{wiki:Machine_learning,
    author       = {Wikipedia},
    title        = {{Machine learning} --- {W}ikipedia{,} The Free Encyclopedia},
    year         = {2025},
    howpublished = {\url{https://en.wikipedia.org/wiki/Machine_learning}}
}

 @misc{wiki:Cellular_automaton,
    author       = {Wikipedia},
    title        = {{Cellular automaton} --- {W}ikipedia{,} The Free Encyclopedia},
    year         = {2025},
    howpublished = {\url{https://en.wikipedia.org/wiki/Cellular\_automaton}}
}

@misc{wiki:Conway's_Game_of_Life,
    author       = {Wikipedia},
    title        = {{Conway's Game of Life} --- {W}ikipedia{,} The Free Encyclopedia},
    year         = {2025},
    howpublished = {\url{https://en.wikipedia.org/wiki/Conway%27s_Game_of_Life}}
}

@inproceedings{inproc:Model_Based_on_CA,
    author    = {Stefania Bandini, Giulio Paves},
    booktitle = {International Congress on Environmental Modelling and Software},
    title     = {A Model Based on Cellular Automata for the
                 Simulation of the Dynamics of Plant Populations},
    year      = {2004},
    month     = {Jún}
}

@misc{idk:CA,
    author = "RNDr. Róbert Bohdal, PhD.",
    title = {Celulárne automaty},
    year = {2025},
    howpublished = {\url{https://flurry.dg.fmph.uniba.sk/webog/SuboryOG/bohdal/7-CelularneAutomaty.pdf}},
}